
@article{rumelhart1986learning,
  title={Learning representations by back-propagating errors},
  author={Rumelhart, David E and Hinton, Geoffrey E and Williams, Ronald J},
  journal={nature},
  volume={323},
  number={6088},
  pages={533--536},
  year={1986},
  publisher={Nature Publishing Group UK London}
}

@article{hopfield1982neural,
  title={Neural networks and physical systems with emergent collective computational abilities.},
  journal={Proceedings of the national academy of sciences},
  volume={79},
  number={8},
  pages={2554--2558},
  year={1982},
  publisher={National Acad Sciences}
}

@article{brown2020language,
  title={Language models are few-shot learners},
  author={Brown, Tom and Mann, Benjamin and Ryder, Nick and Subbiah, Melanie and Kaplan, Jared D and Dhariwal, Prafulla and Neelakantan, Arvind and Shyam, Pranav and Sastry, Girish and Askell, Amanda and others},
  journal={Advances in neural information processing systems},
  volume={33},
  pages={1877--1901},
  year={2020}
}

@article{dubey2024llama,
  title={The llama 3 herd of models},
  author={Dubey, Abhimanyu and Jauhri, Abhinav and Pandey, Abhinav and Kadian, Abhishek and Al-Dahle, Ahmad and Letman, Aiesha and Mathur, Akhil and Schelten, Alan and Yang, Amy and Fan, Angela and others},
  journal={arXiv preprint arXiv:2407.21783},
  year={2024}
}

@article{guo2025deepseek,
  title={Deepseek-r1: Incentivizing reasoning capability in llms via reinforcement learning},
  author={Guo, Daya and Yang, Dejian and Zhang, Haowei and Song, Junxiao and Zhang, Ruoyu and Xu, Runxin and Zhu, Qihao and Ma, Shirong and Wang, Peiyi and Bi, Xiao and others},
  journal={arXiv preprint arXiv:2501.12948},
  year={2025}
}

@article{goh2025gpt,
  title={GPT-4 assistance for improvement of physician performance on patient care tasks: a randomized controlled trial},
  author={Goh, Ethan and Gallo, Robert J and Strong, Eric and Weng, Yingjie and Kerman, Hannah and Freed, Jason A and Cool, Jos{\'e}phine A and Kanjee, Zahir and Lane, Kathleen P and Parsons, Andrew S and others},
  journal={Nature Medicine},
  pages={1--6},
  year={2025},
  publisher={Nature Publishing Group US New York}
}

@article{dell2023navigating,
  title={Navigating the jagged technological frontier: Field experimental evidence of the effects of AI on knowledge worker productivity and quality},
  author={Dell'Acqua, Fabrizio and McFowland III, Edward and Mollick, Ethan R and Lifshitz-Assaf, Hila and Kellogg, Katherine and Rajendran, Saran and Krayer, Lisa and Candelon, Fran{\c{c}}ois and Lakhani, Karim R},
  journal={Harvard Business School Technology \& Operations Mgt. Unit Working Paper},
  number={24-013},
  year={2023}
}

@article{katz2024gpt,
  title={Gpt-4 passes the bar exam},
  author={Katz, Daniel Martin and Bommarito, Michael James and Gao, Shang and Arredondo, Pablo},
  journal={Philosophical Transactions of the Royal Society A},
  volume={382},
  number={2270},
  pages={20230254},
  year={2024},
  publisher={The Royal Society}
}

@article{brin2023comparing,
  title={Comparing ChatGPT and GPT-4 performance in USMLE soft skill assessments},
  author={Brin, Dana and Sorin, Vera and Vaid, Akhil and Soroush, Ali and Glicksberg, Benjamin S and Charney, Alexander W and Nadkarni, Girish and Klang, Eyal},
  journal={Scientific Reports},
  volume={13},
  number={1},
  pages={16492},
  year={2023},
  publisher={Nature Publishing Group UK London}
}
\

@inproceedings{liesenfeld2024rethinking,
  title={Rethinking open source generative AI: open washing and the EU AI Act},
  author={Liesenfeld, Andreas and Dingemanse, Mark},
  booktitle={The 2024 ACM Conference on Fairness, Accountability, and Transparency},
  pages={1774--1787},
  year={2024}
}

@inproceedings{longpre2024pretrainer,
  title={A Pretrainer’s Guide to Training Data: Measuring the Effects of Data Age, Domain Coverage, Quality, \& Toxicity},
  author={Longpre, Shayne and Yauney, Gregory and Reif, Emily and Lee, Katherine and Roberts, Adam and Zoph, Barret and Zhou, Denny and Wei, Jason and Robinson, Kevin and Mimno, David and others},
  booktitle={Proceedings of the 2024 Conference of the North American Chapter of the Association for Computational Linguistics: Human Language Technologies (Volume 1: Long Papers)},
  pages={3245--3276},
  year={2024}
}

@article{bommasani2024foundation,
  title={The foundation model transparency index v1. 1: May 2024},
  author={Bommasani, Rishi and Klyman, Kevin and Kapoor, Sayash and Longpre, Shayne and Xiong, Betty and Maslej, Nestor and Liang, Percy},
  journal={arXiv preprint arXiv:2407.12929},
  year={2024}
}

@article{henderson2023foundation,
  title={Foundation models and fair use},
  author={Henderson, Peter and Li, Xuechen and Jurafsky, Dan and Hashimoto, Tatsunori and Lemley, Mark A and Liang, Percy},
  journal={Journal of Machine Learning Research},
  volume={24},
  number={400},
  pages={1--79},
  year={2023}
}

@article{sag2024fairness,
  title={Fairness and Fair Use in Generative AI},
  author={Sag, Matthew},
  journal={Fordham Law Review},
  volume={92},
  number={5},
  pages={1887},
  year={2024}
}

@inproceedings{chen2024copybench,
  title={CopyBench: Measuring Literal and Non-Literal Reproduction of Copyright-Protected Text in Language Model Generation},
  author={Chen, Tong and Asai, Akari and Mireshghallah, Niloofar and Min, Sewon and Grimmelmann, James and Choi, Yejin and Hajishirzi, Hannaneh and Zettlemoyer, Luke and Koh, Pang Wei},
  booktitle={Proceedings of the 2024 Conference on Empirical Methods in Natural Language Processing},
  pages={15134--15158},
  year={2024}
}


@inproceedings{minsilo2024,
    title={ {SILO} Language Models: Isolating Legal Risk in a Nonparametric Datastore },
    author={ Min, Sewon and Gururangan, Suchin and Wallace, Eric and Hajishirzi, Hannaneh and Smith, Noah A. and Zettlemoyer, Luke },
    year={ 2024 },
    booktitle={The Twelfth International Conference on Learning Representations (ICLR)},
    url={ https://arxiv.org/abs/2308.04430 }
}


@inproceedings{golatkar2024cpr,
  title={CPR: Retrieval augmented generation for copyright protection},
  author={Golatkar, Aditya and Achille, Alessandro and Zancato, Luca and Wang, Yu-Xiang and Swaminathan, Ashwin and Soatto, Stefano},
  booktitle={Proceedings of the IEEE/CVF Conference on Computer Vision and Pattern Recognition},
  pages={12374--12384},
  year={2024}
}

@inproceedings{ippolito2023preventing,
  title={Preventing Generation of Verbatim Memorization in Language Models Gives a False Sense of Privacy},
  author={Ippolito, Daphne and Tram{\`e}r, Florian and Nasr, Milad and Zhang, Chiyuan and Jagielski, Matthew and Lee, Katherine and Choquette-Choo, Christopher A and Carlini, Nicholas},
  booktitle={Proceedings of the 16th International Natural Language Generation Conference},
  pages={28--53},
  year={2023},
  organization={Association for Computational Linguistics}
}

@inproceedings{flemings2024differentially,
  title={Differentially Private Next-Token Prediction of Large Language Models},
  author={Flemings, James and Razaviyayn, Meisam and Annavaram, Murali},
  booktitle={Proceedings of the 2024 Conference of the North American Chapter of the Association for Computational Linguistics: Human Language Technologies (Volume 1: Long Papers)},
  pages={4390--4404},
  year={2024}
}

@article{band2013fair,
  title={Fair use/fair dealing handbook},
  author={Band, Jonathan and Gerafi, Jonathan},
  journal={Available at SSRN 2333863},
  year={2013}
}

@article{park2009dublin,
  title={Dublin Core metadata semantics: An analysis of the perspectives of information professionals},
  author={Park, Jung-ran and Childress, Eric},
  journal={Journal of Information Science},
  volume={35},
  number={6},
  pages={727--739},
  year={2009},
  publisher={Sage Publications Sage UK: London, England}
}

@book{patterson1991nature,
  title={The Nature of Copyright: A Law of Users’ Rights},
  author={Patterson, Lyman Ray},
  year={1991},
  publisher={University of Georgia Press}
}

@book{metzger2015free,
  title={Free and open source software (FOSS) and other alternative license models: a comparative analysis},
  author={Metzger, Axel},
  volume={12},
  year={2015},
  publisher={Springer}
}

@inproceedings{longpre2024consent,
  title={Consent in crisis: The rapid decline of the ai data commons},
  author={Longpre, Shayne and Mahari, Robert and Lee, Ariel and Lund, Campbell and Oderinwale, Hamidah and Brannon, William and Saxena, Nayan and Obeng-Marnu, Naana and South, Tobin and Hunter, Cole and others},
  booktitle={NeurIPS},
  year={2024}
}

@article{mcmurdo1995internet,
  title={How the Internet was indexed},
  author={McMurdo, George},
  journal={Journal of Information Science},
  volume={21},
  number={6},
  pages={479--489},
  year={1995},
  publisher={Sage Publications Sage CA: Thousand Oaks, CA}
}

@article{alnoamany2014and,
  title={Who and what links to the Internet Archive},
  author={AlNoamany, Yasmin and AlSum, Ahmed and Weigle, Michele C and Nelson, Michael L},
  journal={International Journal on Digital Libraries},
  volume={14},
  pages={101--115},
  year={2014},
  publisher={Springer}
}

@article{samuelson2009google,
  title={Google Book Search and the future of books in cyberspace},
  author={Samuelson, Pamela},
  journal={Minn. l. REV.},
  volume={94},
  pages={1308},
  year={2009},
  publisher={HeinOnline}
}

@article{rayburn2001after,
  title={After Napster},
  author={Rayburn, Corey},
  journal={Va. JL \& Tech.},
  volume={6},
  pages={1},
  year={2001},
  publisher={HeinOnline}
}

@inproceedings{buck2014n,
  title={N-gram counts and language models from the common crawl},
  author={Buck, Christian and Heafield, Kenneth and Van Ooyen, Bas},
  booktitle={Proceedings of the Language Resources and Evaluation Conference 2014},
  pages={3579--3584},
  year={2014}
}

@article{leskovec2016snap,
  title={Snap: A general-purpose network analysis and graph-mining library},
  author={Leskovec, Jure and Sosi{\v{c}}, Rok},
  journal={ACM Transactions on Intelligent Systems and Technology (TIST)},
  volume={8},
  number={1},
  pages={1--20},
  year={2016},
  publisher={ACM New York, NY, USA}
}


@inproceedings{deng2009imagenet,
  title={Imagenet: A large-scale hierarchical image database},
  author={Deng, Jia and Dong, Wei and Socher, Richard and Li, Li-Jia and Li, Kai and Fei-Fei, Li},
  booktitle={2009 IEEE conference on computer vision and pattern recognition},
  pages={248--255},
  year={2009},
  organization={Ieee}
}


@inproceedings{ide2008american,
  title={The American national corpus: Then, now, and tomorrow},
  author={Ide, Nancy},
  booktitle={Selected Proceedings of the 2008 HCSNet Workshop on Designing the Australian National Corpus: Mustering Languages, Summerville, MA. Cascadilla Proceedings Project},
  year={2008}
}

@inproceedings{ide2002american,
  title={The American National Corpus: More Than the Web Can Provide},
  author={Ide, Nancy and Reppen, Randi and Suderman, Keith},
  booktitle={Proceedings of the Third International Conference on Language Resources and Evaluation (LREC’02)},
  year={2002}
}

@inproceedings{smith2013dirt,
  title={Dirt Cheap Web-Scale Parallel Text from the Common Crawl},
  author={Smith, Jason and Saint-Amand, Herve and Plamad{\u{a}}, Magdalena and Koehn, Philipp and Callison-Burch, Chris and Lopez, Adam},
  booktitle={Proceedings of the 51st Annual Meeting of the Association for Computational Linguistics (Volume 1: Long Papers)},
  pages={1374--1383},
  year={2013}
}

@article{raffel2020exploring,
  title={Exploring the limits of transfer learning with a unified text-to-text transformer},
  author={Raffel, Colin and Shazeer, Noam and Roberts, Adam and Lee, Katherine and Narang, Sharan and Matena, Michael and Zhou, Yanqi and Li, Wei and Liu, Peter J},
  journal={Journal of machine learning research},
  volume={21},
  number={140},
  pages={1--67},
  year={2020}
}

@article{arnett2024toxicity,
  title={Toxicity of the Commons: Curating Open-Source Pre-Training Data},
  author={Arnett, Catherine and Jones, Eliot and Yamshchikov, Ivan P and Langlais, Pierre-Carl},
  journal={arXiv preprint arXiv:2410.22587},
  year={2024}
}

@inproceedings{schafer2016commoncow,
  title={CommonCOW: Massively huge web corpora from CommonCrawl data and a method to distribute them freely under restrictive EU copyright laws},
  author={Sch{\"a}fer, Roland},
  booktitle={Proceedings of the tenth international conference on language resources and evaluation (LREC'16)},
  pages={4500--4504},
  year={2016}
}


@inproceedings{soldaini-etal-2024-dolma,
    title = "Dolma: an Open Corpus of Three Trillion Tokens for Language Model Pretraining Research",
    author = "Soldaini, Luca  and
      Kinney, Rodney  and
      Bhagia, Akshita  and
      Schwenk, Dustin  and
      Atkinson, David  and
      Authur, Russell  and
      Bogin, Ben  and
      Chandu, Khyathi  and
      Dumas, Jennifer  and
      Elazar, Yanai  and
      Hofmann, Valentin  and
      Jha, Ananya  and
      Kumar, Sachin  and
      Lucy, Li  and
      Lyu, Xinxi  and
      Lambert, Nathan  and
      Magnusson, Ian  and
      Morrison, Jacob  and
      Muennighoff, Niklas  and
      Naik, Aakanksha  and
      Nam, Crystal  and
      Peters, Matthew  and
      Ravichander, Abhilasha  and
      Richardson, Kyle  and
      Shen, Zejiang  and
      Strubell, Emma  and
      Subramani, Nishant  and
      Tafjord, Oyvind  and
      Walsh, Evan  and
      Zettlemoyer, Luke  and
      Smith, Noah  and
      Hajishirzi, Hannaneh  and
      Beltagy, Iz  and
      Groeneveld, Dirk  and
      Dodge, Jesse  and
      Lo, Kyle",
    editor = "Ku, Lun-Wei  and
      Martins, Andre  and
      Srikumar, Vivek",
    booktitle = "Proceedings of the 62nd Annual Meeting of the Association for Computational Linguistics (Volume 1: Long Papers)",
    month = aug,
    year = "2024",
    address = "Bangkok, Thailand",
    publisher = "Association for Computational Linguistics",
    url = "https://aclanthology.org/2024.acl-long.840/",
    doi = "10.18653/v1/2024.acl-long.840",
    pages = "15725--15788",
}

@inproceedings{habernal2016c4corpus,
  title={C4Corpus: Multilingual Web-size corpus with free license},
  author={Habernal, Ivan and Zayed, Omnia and Gurevych, Iryna},
  booktitle={Proceedings of the Tenth International Conference on Language Resources and Evaluation (LREC'16)},
  pages={914--922},
  year={2016}
}

@article{longpre2024large,
  title={A large-scale audit of dataset licensing and attribution in AI},
  author={Longpre, Shayne and Mahari, Robert and Chen, Anthony and Obeng-Marnu, Naana and Sileo, Damien and Brannon, William and Muennighoff, Niklas and Khazam, Nathan and Kabbara, Jad and Perisetla, Kartik and others},
  journal={Nature Machine Intelligence},
  volume={6},
  number={8},
  pages={975--987},
  year={2024},
  publisher={Nature Publishing Group UK London}
}

@article{samuelson2023generative,
  title={Generative AI meets copyright},
  author={Samuelson, Pamela},
  journal={Science},
  volume={381},
  number={6654},
  pages={158--161},
  year={2023},
  publisher={American Association for the Advancement of Science}
}

@article{gao2020pile,
  title={The pile: An 800gb dataset of diverse text for language modeling},
  author={Gao, Leo and Biderman, Stella and Black, Sid and Golding, Laurence and Hoppe, Travis and Foster, Charles and Phang, Jason and He, Horace and Thite, Anish and Nabeshima, Noa and others},
  journal={arXiv preprint arXiv:2101.00027},
  year={2020}
}

@book{black2024,
  title={Black's law dictionary},
  author={Garner, Bryan A },
  volume={12},
  year={2024},
  publisher={Thomson West}
}

@incollection{judge2016crown,
  title={Crown Copyright and the Reuse of Government Information: Access and Limitations},
  author={Judge, Elizabeth F},
  booktitle={Government Information Management in the 21st Century},
  pages={211--222},
  year={2016},
  publisher={Routledge}
}

@book{Wheaton,
    author = {},
    title = {\textup{Wheaton v. Peters, 33 U.S. (Pet. 8) 591 (1834)}},
    year = {}
}

@article{katz2020complex,
  title={Complex societies and the growth of the law},
  author={Katz, Daniel Martin and Coupette, Corinna and Beckedorf, Janis and Hartung, Dirk},
  journal={Scientific reports},
  volume={10},
  number={1},
  pages={18737},
  year={2020},
  publisher={Nature Publishing Group UK London}
}

@article{coupette2021measuring,
  title={Measuring law over time: a network analytical framework with an application to statutes and regulations in the United States and Germany},
  author={Coupette, Corinna and Beckedorf, Janis and Hartung, Dirk and Bommarito, Michael and Katz, Daniel Martin},
  journal={Frontiers in Physics},
  volume={9},
  pages={658463},
  year={2021},
  publisher={Frontiers Media SA}
}

@article{roessing2010authorship,
  title={Authorship in Wikipedia--Legal Requirements, Community Opinions, and Technical Boundaries},
  author={Roessing, Thomas},
  journal={Masaryk University Journal of Law and Technology},
  volume={4},
  number={1},
  pages={35--45},
  year={2010},
  publisher={Masarykova univerzita nakladatelstv{\'\i}}
}

@article{carver2005share,
  title={Share and share alike: Understanding and enforcing open source and free software licenses},
  author={Carver, Brian W},
  journal={Berkeley Tech. LJ},
  volume={20},
  pages={443},
  year={2005},
  publisher={HeinOnline}
}

@article{lessig2004creative,
  title={The creative commons},
  author={Lessig, Lawrence},
  journal={Mont. L. Rev.},
  volume={65},
  pages={1},
  year={2004},
  publisher={HeinOnline}
}

@misc{Krishna2025, 
    author = {Krishna, Arvind},
    title = {DeepSeek proved us right—AI is not about big, proprietary systems},
    note = {Fortune, February 4, 2025},
    howpublished = {\url{https://fortune.com/2025/02/04/ibm-ceo-ai-deepseek-technology/}}
}

@article{hoffmann2022training,
  title={Training compute-optimal large language models},
  author={Hoffmann, Jordan and Borgeaud, Sebastian and Mensch, Arthur and Buchatskaya, Elena and Cai, Trevor and Rutherford, Eliza and Casas, Diego de Las and Hendricks, Lisa Anne and Welbl, Johannes and Clark, Aidan and others},
  journal={arXiv preprint arXiv:2203.15556},
  year={2022}
}


@article{zhang2024tinyllama,
  title={Tinyllama: An open-source small language model},
  author={Zhang, Peiyuan and Zeng, Guangtao and Wang, Tianduo and Lu, Wei},
  journal={arXiv preprint arXiv:2401.02385},
  year={2024}
}

@article{javaheripi2023phi,
  title={Phi-2: The surprising power of small language models},
  author={Javaheripi, Mojan and Bubeck, S{\'e}bastien and Abdin, Marah and Aneja, Jyoti and Bubeck, Sebastien and Mendes, Caio C{\'e}sar Teodoro and Chen, Weizhu and Del Giorno, Allie and Eldan, Ronen and Gopi, Sivakanth and others},
  journal={Microsoft Research Blog},
  volume={1},
  number={3},
  pages={3},
  year={2023}
}


@article{abdin2024phi,
  title={Phi-3 technical report: A highly capable language model locally on your phone},
  author={Abdin, Marah and Aneja, Jyoti and Awadalla, Hany and Awadallah, Ahmed and Awan, Ammar Ahmad and Bach, Nguyen and Bahree, Amit and Bakhtiari, Arash and Bao, Jianmin and Behl, Harkirat and others},
  journal={arXiv preprint arXiv:2404.14219},
  year={2024}
}


@article{kaplan2020scaling,
  title={Scaling laws for neural language models},
  author={Kaplan, Jared and McCandlish, Sam and Henighan, Tom and Brown, Tom B and Chess, Benjamin and Child, Rewon and Gray, Scott and Radford, Alec and Wu, Jeffrey and Amodei, Dario},
  journal={arXiv preprint arXiv:2001.08361},
  year={2020}
}

@article{snell2024scaling,
  title={Scaling llm test-time compute optimally can be more effective than scaling model parameters},
  author={Snell, Charlie and Lee, Jaehoon and Xu, Kelvin and Kumar, Aviral},
  journal={arXiv preprint arXiv:2408.03314},
  year={2024}
}

@inproceedings{yu2024makes,
  title={What Makes a High-Quality Training Dataset for Large Language Models: A Practitioners' Perspective},
  author={Yu, Xiao and Zhang, Zexian and Niu, Feifei and Hu, Xing and Xia, Xin and Grundy, John},
  booktitle={Proceedings of the 39th IEEE/ACM International Conference on Automated Software Engineering},
  pages={656--668},
  year={2024}
}

@incollection{Jaffe2025,
  author    = {Adam Jaffe},
  title     = {Developers’ Access to Training Data},
  booktitle = {Identifying the Economic Implications of Artificial Intelligence for Copyright Policy},
  editor    = {Brent Lutes},
  year      = {2025},
  publisher = {US Copyright Office},
  address   = {Washington, DC},
  pages     = {40--44},
}

@article{pearce2024reconciling,
  title={Reconciling kaplan and chinchilla scaling laws},
  author={Pearce, Tim and Song, Jinyeop},
  journal={arXiv preprint arXiv:2406.12907},
  year={2024}
}

@article{mailund2019beginner,
  title={The beginner’s guide to markdown and pandoc},
  author={Mailund, Thomas and Mailund, Thomas},
  journal={Introducing Markdown and Pandoc: Using Markup Language and Document Converter},
  pages={1--3},
  year={2019},
  publisher={Springer}
}

@Report{OpenAI,
  Title= {Response to White House Office of Science and Technology (OSTP) for the upcoming US AI Action Plan⁠},
  Author= {{Open AI}},
  Date= {2025-03-13},
  howpublished = {\url{https://openai.com/global-affairs/openai-proposals-for-the-us-ai-action-plan/}}
}